@ARTICLE{7219438,  author={Mur-Artal, Raúl and Montiel, J. M. M. and Tardós, Juan D.},  journal={IEEE Transactions on Robotics},   title={ORB-SLAM: A Versatile and Accurate Monocular SLAM System},   year={2015},  volume={31},  number={5},  pages={1147-1163},  doi={10.1109/TRO.2015.2463671}}

@inproceedings{rublee2011orb,
  title={ORB: An efficient alternative to SIFT or SURF},
  author={Rublee, Ethan and Rabaud, Vincent and Konolige, Kurt and Bradski, Gary},
  booktitle={2011 International conference on computer vision},
  pages={2564--2571},
  year={2011},
  organization={Ieee}
}

@article{lowe2004distinctive,
  title={Distinctive image features from scale-invariant keypoints},
  author={Lowe, David G},
  journal={International journal of computer vision},
  volume={60},
  number={2},
  pages={91--110},
  year={2004},
  publisher={Springer}
}

@inproceedings{bay2006surf,
  title={Surf: Speeded up robust features},
  author={Bay, Herbert and Tuytelaars, Tinne and Gool, Luc Van},
  booktitle={European conference on computer vision},
  pages={404--417},
  year={2006},
  organization={Springer}
}

@inproceedings{rosten2006machine,
  title={Machine learning for high-speed corner detection},
  author={Rosten, Edward and Drummond, Tom},
  booktitle={European conference on computer vision},
  pages={430--443},
  year={2006},
  organization={Springer}
}

@inproceedings{calonder2010brief,
  title={Brief: Binary robust independent elementary features},
  author={Calonder, Michael and Lepetit, Vincent and Strecha, Christoph and Fua, Pascal},
  booktitle={European conference on computer vision},
  pages={778--792},
  year={2010},
  organization={Springer}
}

@article{rosin1999measuring,
  title={Measuring corner properties},
  author={Rosin, Paul L},
  journal={Computer Vision and Image Understanding},
  volume={73},
  number={2},
  pages={291--307},
  year={1999},
  publisher={Elsevier}
}