@ARTICLE{7219438,  author={Mur-Artal, Raúl and Montiel, J. M. M. and Tardós, Juan D.},  journal={IEEE Transactions on Robotics},   title={ORB-SLAM: A Versatile and Accurate Monocular SLAM System},   year={2015},  volume={31},  number={5},  pages={1147-1163},  doi={10.1109/TRO.2015.2463671}}

@inproceedings{rublee2011orb,
  title={ORB: An efficient alternative to SIFT or SURF},
  author={Rublee, Ethan and Rabaud, Vincent and Konolige, Kurt and Bradski, Gary},
  booktitle={2011 International conference on computer vision},
  pages={2564--2571},
  year={2011},
  organization={Ieee}
}

@article{lowe2004distinctive,
  title={Distinctive image features from scale-invariant keypoints},
  author={Lowe, David G},
  journal={International journal of computer vision},
  volume={60},
  number={2},
  pages={91--110},
  year={2004},
  publisher={Springer}
}

@inproceedings{bay2006surf,
  title={Surf: Speeded up robust features},
  author={Bay, Herbert and Tuytelaars, Tinne and Gool, Luc Van},
  booktitle={European conference on computer vision},
  pages={404--417},
  year={2006},
  organization={Springer}
}

@inproceedings{rosten2006machine,
  title={Machine learning for high-speed corner detection},
  author={Rosten, Edward and Drummond, Tom},
  booktitle={European conference on computer vision},
  pages={430--443},
  year={2006},
  organization={Springer}
}

@inproceedings{calonder2010brief,
  title={Brief: Binary robust independent elementary features},
  author={Calonder, Michael and Lepetit, Vincent and Strecha, Christoph and Fua, Pascal},
  booktitle={European conference on computer vision},
  pages={778--792},
  year={2010},
  organization={Springer}
}

@article{rosin1999measuring,
  title={Measuring corner properties},
  author={Rosin, Paul L},
  journal={Computer Vision and Image Understanding},
  volume={73},
  number={2},
  pages={291--307},
  year={1999},
  publisher={Elsevier}
}

@phdthesis{carvalho2021kalman,
  title={Kalman Filter-Based Object Tracking Techniques for Indoor Robotic Applications},
  author={Carvalho, Guilherme de Sousa},
  year={2021},
  school={Universidade de Coimbra}
}

@phdthesis{strasdat2012local,
  title={Local accuracy and global consistency for efficient visual SLAM},
  author={Strasdat, Hauke},
  year={2012},
  school={Department of Computing, Imperial College London}
}

@misc{zhang2018mobile,
  title={Mobile Intelligence Assisted by Data Analytics and Cognitive Computing},
  author={Zhang, Yin and Lu, Huimin and Abbas, Haider},
  journal={Wireless Communications and Mobile Computing},
  volume={2018},
  year={2018},
  publisher={Hindawi}
}

@article{yilmaz2006object,
  title={Object tracking: A survey},
  author={Yilmaz, Alper and Javed, Omar and Shah, Mubarak},
  journal={Acm computing surveys (CSUR)},
  volume={38},
  number={4},
  pages={13--es},
  year={2006},
  publisher={Acm New York, NY, USA}
}

@article{mur2015orb,
  title={ORB-SLAM: a versatile and accurate monocular SLAM system},
  author={Mur-Artal, Raul and Montiel, Jose Maria Martinez and Tardos, Juan D},
  journal={IEEE transactions on robotics},
  volume={31},
  number={5},
  pages={1147--1163},
  year={2015},
  publisher={IEEE}
}


@inproceedings{klenk2021tum,
  title={Tum-vie: The tum stereo visual-inertial event dataset},
  author={Klenk, Simon and Chui, Jason and Demmel, Nikolaus and Cremers, Daniel},
  booktitle={2021 IEEE/RSJ International Conference on Intelligent Robots and Systems (IROS)},
  pages={8601--8608},
  year={2021},
  organization={IEEE}
}